@book{book:alpaydin,
  author    = {Ethem Alpaydin}, 
  title     = {Introduction to Machine Learning},
  publisher = {Phi},
  year      = 2015,
  volume    = 1,
  edition   = 3,
}
@book{book:mostafa,
  author    = {Yaser S. Abu-Mostafa}, 
  title     = {Learning From Data},
  publisher = {AMLbook},
  year      = 2012,
  volume    = 1,
}
@book{book:mitchell,
  author    = {Tom Mitchell}, 
  title     = {Machine Learning},
  publisher = {McGraw-Hill},
  year      = 1997,
  volume    = 1,
}
@misc{url:if699,
  author       = {George Darmiton da Cunha Cavalcanti}, 
  title        = {IF699},
  howpublished = {https://sites.google.com/site/aprendizagemmaquina/},
  year         = 2018,
}
@misc{url:hbr,
  author       = {Thomas H. Davenport e D.J. Patil}, 
  title        = {Data Scientist: The Sexiest Job of the 21st Century},
  howpublished = {https://hbr.org/2012/10/data-scientist-the-sexiest-job-of-the-21st-century},
  year         = 2012,
}