@book{dj,
    author  = {David Patterson e John Hennessy},
    title   = {Organização e Projeto de Computadores: A interface Hardware/Software},
    publisher    = {Elservier},
    year = {2005},
    volume  = {3ª Edição}
    }
@book{ws,
    author  = {William Stallings},
    title   = {Arquitetura e Organização de Computadores},
    publisher    = {Pearson},
    year = {2005},
    volume  = {5ª Edição}
}    
