@book{1,
  author    = {Michael Sipser, Thomson Pioneira}, 
  title     = {Introdução à Teoria da Computação},
  publisher = {The name of the publisher},
  year      = 2007,
  note      = {Tradução brasileira de Introduction to the Theory of Computation, Michael Sipser, Second Edition, PWS Publishing Company, February 2005, ISBN 0-534-95097-3},
  isbn      = {8522104999}
}


@book{2,
  author    = {John E. Hopcroft, Rajeev Motwani, Jeffrey D. Ullman}, 
  title     = {Introdução à Teoria dos Autômatos, Linguagens e Computação},
  publisher = {Editora Campus},
  year      = 2002,
  edition   = 3,
  note      = {Tradução brasileira de: Introduction to Automata Theory, Languages, and Computation, 2/E, Addison-Wesley, 2001, ISBN: 0-201-44124-1},
  isbn      = {85-352-1072-5}
}

@book{3,
  author    = {Harry R. Lewis, Christos Papadimitriou}, 
  title     = {Elements of the Theory of Computation},
  publisher = {Prentice-Hall},
  year      = 1998,
  edition   = 2,
  isbn      = {0-13-262478-8}
}