@book{sommerville2011software,
  author={Sommerville, Ian},
  title={Engenharia de Software},
  year={2011},
  publisher={Editora Pearson}
}

@misc{slidedaaula,
	author={Profs. Márcio Lopes Cornélio e Alexandre Vasconcelos},
	title={Slide: Uma Introdução à Engenharia de Software},
    howpublished={\url{http://www.cin.ufpe.br/~if682/curso_CC/pdfs/01_Introducao_ES.pdf}},
    note={Acessado: 07-05-2018}
}

@book{mt2010desenvolvimento,
  author={Mary Poppendieck e Tom Poppendieck},
  title={Implementando o Desenvolvimento Lean de Software: Do conceito ao dinheiro},
  year={2010},
  publisher={Editora Bookman}
}