@book{HC:2007:CFF,
    author    = "Cléuzio Fonseca Filho",
    title     = "História da computação: O Caminho do Pensamento e da Tecnologia",
    year      = "2007",
}
@ONLINE {IF679,
    url= {http://www.cin.ufpe.br/~if679/},
    urldate = {2018-05-04},
    author = {Silvio Meira},
    title = {Informática e Sociedade}
}

@ONLINE {IF668,
    url= {https://sites.google.com/a/cin.ufpe.br/if668/},
    urldate = {2018-05-04},
    author = {Fernando Castor},
    title = {Introdução à Computação}
}