@book{R1,
AUTHOR = "Ethem Alpaydin",
TITLE = "Introduction to Machine Learning",
PUBLISHER = "Phi",
YEAR = "2015"
}
@book{R2,
AUTHOR = "Tom Mitchell",
TITLE = "Machine Learning",
PUBLISHER = "McGraw-Hill",
YEAR = "1997"
}
@book{R3,
AUTHOR = "Christopher M. Bishop",
TITLE = "Pattern Recognition and Machine Learning",
PUBLISHER = "Springer",
YEAR = "2006"
}