@MISC{fig_IUM,
	author  = "Juliano Cezar Teles Vaz",
    title   = "HFC - Interação Humano Computador",
    year    = "2018"
}
@MISC{site_cadeira,
  	note  =  "https://sites.google.com/a/cin.ufpe.br/if681---interface-usuario-maquina/ementa"
}
@MISC{site_disciplina,
	note  = "Site da Disciplina: https://sites.google.com/a/cin.ufpe.br/if681---interface-usuario-maquina/home"
}
@MISC{perfil,
	note  = "https://docs.google.com/a/cin.ufpe.br/viewer?a=vpid=sitessrcid=Y2luLnVmcGUuYnJ8aWY2Njh8Z3g6M2NjYTIxNWU3ZjVkOWIw"
}