@book{designdeinteracao,
  author    = "Jennifer Preece, Yvonne Rogers, Helen Sharp", 
  title     = "Design de Interação. Além da Interação Homem-Computador",
  publisher = "Artmed",
  year      = "2005"
}

@book{understandingusers,
  author    = "Kathy Baxter, Catherine Courage, Kelly Caine", 
  title     = "Understanding Your Users: A Practical Guide to User Research Methods",
  publisher = "Morgan Kaufmann",
  year      = "2015"
}

@book{designresearch,
  author    = "Ilpo Koskinen, John Zimmerman, Thomas Binder, Johan Redstrom, Stephan Wensveen", 
  title     = "Design Research Through Practice",
  publisher = "Morgan Kaufmann",
  year      = "2011"
}

@misc{tccalexandre,
  author = "Alexandre Campetti",
  title = "Interface Homem-computador",
  year = "2001",
  url = "http://tcconline.utp.br/wp-content/uploads/2014/05/INTERFACE-HOMEM-COMPUTADOR.pdf",
}
 
@misc{wiki-userinterface,
  author = "Wikipédia",
  title = "User interface --- Wikipédia{,} a enciclopédia livre",
  url = "https://en.wikipedia.org/wiki/User_interface",
  note = "[Online; acessado em 05-05-2018]",
}