@book{beale1990,
 	title={Neural Computing-an introduction},
 	author={ R. Beale, T. Jackson},
	pages={240},
 	publisher={Institute of Physics Publishing}
 
}
 
@book{braga2000,
 	title={Redes neurais artificiais: teoria e aplicações},
 	author={Braga, A de P and Carvalho, APLF and Ludermir, Teresa Bernarda},
 	year={2000},
 	publisher={Livros Técnicos e Científicos}
}
 
 
@book{nielsen2015,
 	title={Neural networks and deep learning},
 	author={Nielsen, Michael A},
 	year={2015},
 	publisher={Determination Press}
}

 
@book{,
	title={Neural Computation: A Comprehensive Foundation},
	author={Simon Haykin},
 	year={1994}, 
	publisher = { Macmillan Coll Div}
}