@misc{siteCadeira,
   title = "Introducao a multimidia",
   howPublished = {\url{http://www.cin.ufpe.br/~if124/}},
   note = "Acesso em 07/05/2018",
}

@misc{AR101,
	title = "Realidade Aumentada",
    howPublished = {\url{http://www.realidadevirtual.com.br/cmsimple-rv/?DEFINI%C7%D5ES}},
    note = "Acesso em 08/05/2018",
}

@misc{VRIntro,
	title = "Aula introdutoria de Realidade Virtual",
	howPublished = {\url{http://www.cin.ufpe.br/~if755/aulas/aula_1.pdf}},
	note = "Acesso em 08/05/2018", 
}

@misc{ARWiki,
	title = "Wikipedia: Augmented Reality",
    howPublished = {\url{https://en.wikipedia.org/wiki/Augmented_reality}}
}


