@book{jk,
    author  = "Jim Kurose and Keith Ross Pearson",
    title   = "Redes de Computadores : Uma Abordagem Top-Down",
    publisher = "Ed. Pearson"
    year    = "2013",
    volume  = "6ª Edição"
}@book{at,
	author = "Andrew S. Tanenbaum and David J. Wetherall",
    title = "Redes de Computadores"
    publisher = "Ed. Pearson",
    year = "2011",
    volume = "5ª Edição"
}