@article{greenwade93,
    author  = "George D. Greenwade",
    title   = "The {C}omprehensive {T}ex {A}rchive {N}etwork ({CTAN})",
    year    = "1993",
    journal = "TUGBoat",
    volume  = "14",
    number  = "3",
    pages   = "342--351"
}
@book{pressman1995engenharia,
 title={Engenharia de software},
  author={Pressman, Roger S},
  volume={6}
}
@article{PaginaDisciplina,
	author  = "Ian Sommerville",
    title   = "Slide de engenharia de software",
    pages = "12"
}
@article{UFPE,
	title = "Perfil curricular de ciência da computação UFPE",
    author = "UFPE",
}