 
 \documentclass[10pt,a4paper] {article}
 \usepackage[utf8]{inputenc}
 \usepackage[T1]{fontenc}
 
 
 \usepackage{fullpage}
 \usepackage{newtxtext,newtxmath}
 \usepackage{graphicx}
 \usepackage{listings}
 \lstset{language={[LaTeX]TeX},basicstyle=\ttfamily}
 
 \usepackage{subfiles}
 
 \title{IF769 - Mineração na Web}
 \author{Lucas Antonio Sales dos Santos}
 \usepackage[brazil]{babel}
 \begin{document}
 	\centering
 
 
 http://trec.nist.gov/ - The TREC (Text REtrieval Conference) series is co-sponsored by the NIST 
 http://infolab.stanford.edu/~backrub/google.html\\
 https://www.nist.gov/itl\\
 http://www.cs.utexas.edu/users/mooney/ir-course/\\
 
 \end{document}