@book{lipovaca2011learn,
  title={Learn you a haskell for great good!: a beginner's guide},
  author={Lipovaca, Miran},
  year={2011},
  publisher={no starch press}
}

@book{goetz2006java,
  title={Java concurrency in practice},
  author={Goetz, Brian and Peierls, Tim and Lea, Doug and Bloch, Joshua and Bowbeer, Joseph and Holmes, David},
  year={2006},
  publisher={Pearson Education}
}

@book{de2006haskell,
  title={Haskell},
  author={de S{\'a}, Claudio Cesar and da Silva, M{\'a}rcio Ferreira},
  year={2006},
  publisher={Novatec Editora}
}