% Encoding: UTF-8

@misc{ CinGame,
  title		   = "Site da disciplina",
  howpublished = "\url{http://www.cin.ufpe.br/~game/}",
  note		   = "Acesso: 05/05/2018",
}

@misc{ gamasutra,
  title		   = "Gamasutra",
  howpublished = "\url{http://www.gamasutra.com/}",
  note		   = "Acesso: 05/05/2018",
}

@misc{ gamedevSite,
  title 	   = "Gamedev",
  howpublished = "\url{https://www.gamedev.net/}",
  note		   = "Acesso: 05/05/2018",
}

@misc{ gameproggemsSeries,
	title = "Game Programming Gems Series",
	note  = "vols 1-6. Charles River Media.",
}

@misc{ gameDevMagazine,
    title = "Game Developer Magazine.",
    note  = "UBM tech",
}

@misc{ gameArchitecture,
    title  = "Game Architecture and Design",
    note   = "Rollings, \& A. Morris, D. Coriolis Group Books. 1999",
}

@book{ AIWisdom,
    title  = "AI Game Programming Wisdom I, II, III",
    author = "Steve Rabin",
}

@conference{ Rulesplay,
	booktitle = "Rules of Play : Game Design Fundamentals",
    note 	  = "The MIT Press. Salen, K. \&  Zimmerman, E.",
    year 	  = "2003",
}

@conference{ FunGameDesign,
	booktitle = "A Theory of Fun for Game Design",
    title	  = "Paraglyph Press",
    note	  = "Koster, R. \& Wright, W.",
    year	  = "2003",
}

