% Encoding: UTF-8

@Book{redes1,
  title     = {Redes de Computadores e a Internet - Uma Abordagem Top-Down},
  publisher = {Pearson},
  year      = {2013},
  author    = {James F. Kurose and Keith W. Ross},
  editor    = {Addison Wesley},
}

@Book{redes2,
  title     = {Redes de Computadores},
  publisher = {Pearson},
  year      = {2011},
  author    = {Andrew S. Tanenbaum and David J. Wetherall},
  editor    = {Addison Wesley},
}

@Comment{jabref-meta: databaseType:bibtex;}
