@MISC{CinSecGrad-cc,
	author 		 = {Secretaria de graduação CIN-UFPE},
    title        = {Disciplinas obrigatórias ciência da computação},
    URL			 = {https://sites.google.com/site/secgradcin/ciencia-da-computacao/horarios-das-disciplinas/modulo-ii}
            }
            
@MISC{CinSecGrad-ec,
    author 		 = {Secretaria de graduação CIN-UFPE},
    title        = {Disciplinas obrigatórias engenharia da computação},
    URL			 = {https://sites.google.com/site/secgradcin/codigos-das-disciplinas/horarios-das-disciplinas-EC-OB_EL/modulo1}
            }
            
@book{IBM:2011:UBD:2132803,
	author		 = {IBM and Zikopoulos, Paul and Eaton, Chris},
	title 		 = {Understanding Big Data: Analytics for Enterprise Class Hadoop and Streaming Data},
	year 		 = {2011},
	isbn 		 = {0071790535, 9780071790536},
	edition 	 = {1st},
	publisher 	 = {McGraw-Hill Osborne Media},
} 

@book{elmasri2011sistemas,
 	title	 	 ={Sistemas de banco de dados},
 	author		 ={Elmasri, R. and Navathe, S.B.},
 	isbn		 ={9788579360855},
 	url			 ={https://books.google.com.br/books?id=FSvIYgEACAAJ},
	year		 ={2011},
 	publisher 	 ={PEARSON BRASIL}
}

@MISC{UFPE:2013,
	author		 ={Universidade Federal de Pernambuco},
	title		 ={Perfil curricular Ciência da computação - CIN},
    url			 ={https://www.ufpe.br/documents/38970/411209/ciencia_computacao_perfil_2002.pdf/09862676-8330-4642-af94-6ec9e8607a62},
    year		 ={2013}
}

@MISC{IF685:2017.1,
	author		 ={Fernando Fonseca, Ana Carolina, Robson Fidalgo},
    title		 ={Site da disciplina},
    url			 ={http://www.cin.ufpe.br/~if685/},
    year		 ={2017}
}
@MISC{CINWIKI-IF692,
	author		 ={CinWiki},
    title		 ={Página da disciplina IF692},
    url			 ={https://cin.ufpe.br/~pet/wiki/IF692}
}