@book{ercegovac2000introduccao,
  title={Introdu{\c{c}}{\~a}o aos sistemas digitais},
  author={Ercegovac, Milos Dragutin and Lang, Tomas and Moreno, Jaime H},
  year={2000},
  publisher={Bookman}
}

@book{booth1984introduction,
  title={Introduction to computer engineering: hardware and software design},
  author={Booth, Taylor L},
  year={1984},
  publisher={John Wiley \& Sons, Inc.}
}

@book{taub1984circuitos,
  title= {Circuitos digitais e microprocessadores},
  author={Taub, Herbert},
  year={1984},
  publisher="McGraw-Hill}
}
