@article{resnickfundamentos,
  title={Fundamentos de F{\'\i}sica: Mec{\^a}nica, vol. 1, 8a edi{\c{c}}{\~a}o},
  author={RESNICK, R and HALLIDAY, D and WALKER, J},
  journal={Livros T{\'e}cnicos e Cient{\'\i}ficos Editora}
}
@article{resnickfundamentoss,
  title={Fundamentos de F{\'\i}sica: Gravita{\c{c}}{\~a}o, Ondas e Termodin{\^a}mica, vol. 2, 8a edi{\c{c}}{\~a}o},
  author={RESNICK, R and HALLIDAY, D and WALKER, J},
  journal={Livros T{\'e}cnicos e Cient{\'\i}ficos Editora}
  
}@article{resnickfundamentosss,
  title={Fundamentos de F{\'\i}sica: Eletromagnetismo, vol. 3, 8a edi{\c{c}}{\~a}o},
  author={RESNICK, R and HALLIDAY, D and WALKER, J},
  journal={Livros T{\'e}cnicos e Cient{\'\i}ficos Editora}
}

