@book{levitin2012introduction,
  title = {Introduction to the design \& analysis of algorithms},
  author = {Levitin, Anany},
  year = {2012},
  publisher = {Boston: Pearson,}
}
@misc{dasgupta2006umesh,
  title = {Umesh Vazirani Algorithms},
  author = {Dasgupta, Sanjoy and Papadimitriou, CH},
  year = {2006},
  publisher = {McGraw-Hill Science/Engineering/Math}
}

@article{shaffer2013data,
  title = {Data Structures and Algorithm Analysis},
  author = {Shaffer, Clifford A},
  journal = {Update},
  volume = {3},
  pages = {0--10},
  year = {2013}
}
@book{cormen2009introduction,
  title = {Introduction to algorithms},
  author = {Cormen, Thomas H},
  year = {2009},
  publisher = {MIT press}
}
