@misc{SiteSecGrad,
	title = {Site da Secretaria de Graduação do CIn},
    howpublished = {\url{https://sites.google.com/site/secgradcin/ciencia-da-computacao/horarios-das-disciplinas/modulo-ii}},
    note = {Acessado em 5 de Maio de 2018}
}

@misc{EfeitoFotoeletrico:Wiki,
	title = {Efeito Fotoeletrico},
  	howpublished = {\url{https://pt.wikipedia.org/wiki/Efeito_fotoel%C3%A9trico}},
  	note = {Acessado em 5 de Maio de 2018}
}

@misc{photoelectric_effect:WC,
	title = {Photoelectric Effect},
    howpublished = {\url{https://commons.wikimedia.org/wiki/File:Photoelectric_effect.png}},
    note = {Distribuída sob licensa CC BY-SA 3.0.}
}

@book{garcia1998physics,
  title={Physics for Computer Science Students: With Emphasis on Atomic and Semiconductor Physics},
  author={Garcia, N. and Damask, A.C. and Schwarz, S.},
  isbn={9780387949031},
  lccn={98117263},
  series={Springer Study Edition},
  url={https://books.google.com.br/books?id=s-JfQgAACAAJ},
  year={1998},
  publisher={Springer}
}

@book{halliday2010fundamentals,
  title={Fundamentals of Physics},
  author={Halliday, D. and Resnick, R. and Walker, J.},
  isbn={9780470469118},
  lccn={2009033774},
  url={https://books.google.com.br/books?id=y7lYHi4OZB0C},
  year={2010},
  publisher={John Wiley \& Sons}
}

@misc{CInWiki:FC,
	title = {Física para Computação},
    author = {CInWiki-UFPE},
    howpublished = {\url{https://www.cin.ufpe.br/~pet/wiki/F%C3%ADsica_para_Computa%C3%A7%C3%A3o}},
    note = {Acessado em 6 de Maio de 2018}
}