@misc{st,
  title          = {Introdução à Multimídia},
  howpublished   = {\url{http://cin.ufpe.br/~if687/}},
  note           = {Acesso: 05/05/2018}
}

@book{bow05,
  author    = {Bowman, Doug and others}, 
  title     = {3D User Interfaces - Theory and Practice},
  publisher = {Addison-Wesley},
  year      = 2005,
}

@book{ch04,
  author    = {Chapman, N and Chapman, Jenny}, 
  title     = {Digital Multimedia},
  publisher = {John Wiley and Sons Ltd},
  year      = 2004,
  isbn      = {0470858907}
}

@book{bu03,
  author    = {BURDEA, Grigore C. and COIFFET, Philippe}, 
  title     = {Virtual Reality Technology},
  publisher = {Wiley},
  year      = 2003,
  address   = {New Jersey},
  edition   = 2,
  note      = {with CDROM},
  isbn      = {0471360899}
}