@book{manualempreendedorismo2003,
	title={Manual de Empreendedorismo e Gestão},
	author={Luiz Antonio Bernardini},
	year={2003},
	publisher={Editora Atlas}
}
@book{planejamentosestrategico,
	title={Planejamento Estratégico: Conceitos, Metodologia e Práticas},
	author={Djalma de Pinho Rebouças de Oliveira},
	year={2004},
	publisher={Editora Atlas}
}
@article{culturainovacao,
	title={Cultura de Inovação},
	author={Dr. José Cláudio C. Terra, Caspar Bart Van Rijnbach},
	journal={TerraForum Consultores},
}
@article{ideacao,
	title={IDEAÇÃO - Técnicas de produção idéias},
	author={Rui Santo},
	journal={TerraForum Consultores},
}
@article{processoscriativos,
	title={Processos Criativos - Metodologias para fazer surgir e alimentar inovações nas empresas},
	author={Rui Santo},
	journal={TerraForum Consultores},
}
@article{7answers,
	title={Seven answers you need to be able to give about innovation},
	author={Caspar van Rijnbach},
	journal={TerraForum Consultores},
}

