


@book{braga2000redes,
  title={Redes neurais artificiais: teoria e aplicações},
  author={Braga, A de P and Carvalho, APLF and Ludermir, Teresa Bernarda},
  year={2000},
  publisher={Livros Técnicos e Científicos}
}
@book{hypercycle17, 
title = {Gartner 2017 Hyper Cycle},
year = {2017},
author = {Gartner}
}
@book{beale1990neural,
  title={Neural Computing-an introduction},
  author={Beale, Russell and Jackson, Tom},
  year={1990},
  publisher={CRC Press}
}
@book{nielsen2015neural,
  title={Neural networks and deep learning},
  author={Nielsen, Michael A},
  year={2015},
  publisher={Determination Press}
}
@article{haykin2004comprehensive,
  title={A comprehensive foundation},
  author={Haykin, Simon and Network, Neural},
  journal={Neural networks},
  volume={2},
  number={2004},
  pages={41},
  year={2004}
}

@book{Artificial_neural_network,
title={Artificial Neural Network},
  author={Cburnett},
  year={CC BY-SA 3.0}, 
  month = {Resized}
}