@book{comer2016redes,
  title={Redes de Computadores e Internet-6},
  author={Comer, Douglas E},
  year={2016},
  publisher={Bookman Editora}
}

@article{kurose2006redes,
  title={Redes de Computadores e a Internet},
  author={Kurose, James F and Ross, Keith W},
  journal={Uma nova},
  year={2006}
}

@book{torres2015redes,
  title={Redes de computadores},
  author={Torres, Gabriel},
  year={2015},
  publisher={Novaterra Editora e Distribuidora LTDA}
}

