@article{Stalling,
    author  = "William Stallings",
    title   = "Arquitetura e Organização de Computadores",
    year    = "2003",
    volume  = "3",
    pages   = "17"
}



