@eletronic{manual,
    author  = {Cristiano CoÃªlho de Araujo},
    title   = {Manual de Projeto de Desenvolvimento},
    year = 2011,
    howpublished = {\url{www.cin.ufpe.br/~if683/files/active/0/Manual%20de%20Projeto%20de%20Desenvolvimento.doc}},
    urldate = {07-05-2018}
}
@eletronic{wiki,
  author = {PET CIN UFPE},
  title = {Projeto de Desenvolvimento},
  year = 2017,
  howpublished = {\url{www.pet.cin.ufpe.br/wiki/Projeto_de_Desenvolvimento}},
  urldate = {07-05-2018}
}
