@misc{siteCadeira,
	title = {Endereço web da cadeira},
    note = {[Acesso: 05 de Maio de 2018]},
	howpublished = "\url{http://cin.ufpe.br/~if680/}",
    
}
@misc{sitePet,
	title = {{CInWiki-UFPE}},
    note = {[Acesso: 05 de Maio de 2018]},
    howpublished = "\url{https://www.cin.ufpe.br/~pet/wiki/Processamento_Gr%C3%A1fico_(IF680)}",
    
}
@book{CurvaseSuperficeis,
	author = {FARIN, Gerald},
    title = {Curves and Surfaces for CAGD - A Practical Guide},
    publisher = {Morgan-Kaufmann},
    edition = {5},
}
@book {ComputacaoGrafica,
	author = {FOLEY, James D.},
    title = {Computer Graphics - Priciples and Practice},
    edition = {3},
    publisher = {Addison-Wesley},
    note = {[a citação pode ser encontrada em "Pedagogy"]}
}
@misc{Silvio,
	author = {Melo,Silvio},
    note = {[entrevista realizada em 30 de Abril de 2018]},
}