@book{roads1996computer,
  title={The computer music tutorial},
  author={Roads, Curtis and Strawn, John},
  year={1996},
  publisher={MIT press}
}
@article{moorer1977signal,
  title={Signal processing aspects of computer music: A survey},
  author={Moorer, James Anderson},
  journal={Proceedings of the IEEE},
  volume={65},
  number={8},
  pages={1108--1137},
  year={1977},
  publisher={IEEE}
}
@book{mathews1969technology,
  title={The technology of computer music},
  author={Mathews, Max V and Miller, Joan E and Moore, F Richard and Pierce, John R and Risset, Jean-Claude},
  volume={969},
  year={1969},
  publisher={MIT press Cambridge}
}