@misc{CInWiki,
  title = {Infraestrutura de Software - CinWiki},
  howpublished = 	{\url{cin.ufpe.br/~pet/wiki/Infraestrutura_de_Software}},
  note = {Accessed: 2018-05-05}
} 
@misc{SlideAula,
  title = {Slide IF667 - Carlos Ferraz}, 
  howpublished = 
  {\url{docslide.com.br/documents/infra-estrutura-de-software-if677-carlos-ferraz-estrutura-do-curso-parte-i\\ -sistemas-operacionais-suporte-a-sistemas-de-software-convencionais-parte.html}},
  note = {Accessed: 2018-05-05}
} 
@misc{SiteDisciplina,
  title = {Site da Disciplina},
  howpublished = {\url{sites.google.com/a/cin.ufpe.br/if677/home}},
  note = {Accessed: 2018-05-05}
}